@article{XJYS200102014,
	author = {李玲玲},
	title = {用碘化物精炼高纯钛},
	journal = {新疆有色金属},
	volume = {},
	number = {48},
	year = {2001},
	issn = {},
	doi ={10.16206/j.cnki.65-1136/tg.2001.02.015}
}
@article{HSJJ202109005,
	author = {王鹏， 马蕊},
	title = {TC4钛合金电子束焊接头性能研究},
	journal = {焊接技术},
	volume = {},
	number = {20-23},
	year = {2021},
	issn = {1002-025X},
	doi ={10.13846/j.cnki.cn12-1070/tg.2021.09.012}
}
@article{1997titanium,
	title={Titanium alloys and their machinability—a review},
	author={Ezugwu, EO and Wang, ZM},
	journal={Journal of materials processing technology},
	volume={68},
	number={3},
	pages={262--274},
	year={1997},
	publisher={Elsevier}
}
@article{TGYJ200405004,
	author = {李梁,孙健科,孟祥军},
	title = {钛合金的应用现状及发展前景},
	journal = {钛工业进展},
	volume = {},
	number = {19-24},
	year = {2004},
	issn = {1009-9964},
	doi ={}
}

