
@article{leijunleDianzishuxuanquronghuachengxingTC4hejinxianweizuzhiyuxingnengdeyanjiujinzhan2022,
	title = {{电子束选区熔化成形TC4合金显微组织与性能的研究进展}},
	volume = {50},
	issn = {1001-3881},
	url = {https://kns.cnki.net/kcms2/article/abstract?v=3uoqIhG8C44YLTlOAiTRKibYlV5Vjs7iJTKGjg9uTdeTsOI_ra5_XcQcpmmE6mlVZrHimDbNNm9l7JF8-GVH-dbJ2DLs-g74&uniplatform=NZKPT},
	abstract = {随着现代制造业的不断发展，增材制造技术获得了越来越多的应用，电子束选区熔化技术(EBSM)是一种粉末床熔融技术，是目前应用最为广泛的增材制造技术之一，可以成形出具有复杂结构和形状的高性能金属零件。成形工艺参数和热处理是影响电子束选区熔化成形TC4合金显微组织与性能的重要因素和主要调控手段，从这两方面对其进行综述，并展望其未来发展方向。},
	language = {中文;},
	number = {5},
	urldate = {2023-03-31},
	journal = {机床与液压},
	author = {{雷军乐} and {尹诗豪} and {刘电霆} and {张建飞}},
	year = {2022},
	note = {{\textless}北大核心{\textgreater}},
	keywords = {⌛, 电子束融化成型},
	pages = {179--184},
	file = {Full Text PDF:C\:\\Users\\agape\\Zotero\\storage\\8EMZR57Q\\雷军乐 等 - 2022 - 电子束选区熔化成形TC4合金显微组织与性能的研究进展.pdf:application/pdf},
}

@article{guokaiTC4taihejinrechuligongyideyanjiuxianzhuangjijinzhan2021,
	title = {{TC4钛合金热处理工艺的研究现状及进展}},
	issn = {1002-5065},
	url = {https://kns.cnki.net/kcms2/article/abstract?v=3uoqIhG8C44YLTlOAiTRKibYlV5Vjs7iy_Rpms2pqwbFRRUtoUImHaTmcJradyP9Kj2JAr2fPWzV1tIxMcLT59HuUpaOM6-g&uniplatform=NZKPT},
	abstract = {本文首先针对TC4钛合金的热处理工艺,当下在固溶处理(固溶温度、冷却速率)、时效处理(时效温度、时效时间)、深冷处理,这几方面的研究现状进行了分析,然后针对这些研究的现状,在未来的发展趋势上提出了几点分析,以供各位业界同仁参考和指导。},
	language = {中文;},
	number = {7},
	urldate = {2023-04-02},
	journal = {世界有色金属},
	author = {{郭凯} and {何忝锜} and {和蓉}},
	year = {2021},
	keywords = {⌛, 热处理},
	pages = {16--17},
	file = {Full Text PDF:C\:\\Users\\agape\\Zotero\\storage\\XRCSM36Y\\郭凯 等 - 2021 - TC4钛合金热处理工艺的研究现状及进展.pdf:application/pdf},
}

@phdthesis{zouhaibeiTC4taihejinrechuliqianghuagongyijixiangbianhangweiyanjiu2019,
	type = {硕士},
	title = {{TC4钛合金热处理强化工艺及相变行为研究}},
	url = {https://kns.cnki.net/kcms2/article/abstract?v=3uoqIhG8C475KOm_zrgu4lQARvep2SAkEcTGK3Qt5VuzQzk0e7M1z7YUgatdDQVLsxUs7hAoS6Zt1FudEBQxogyMCxzuGetC&uniplatform=NZKPT},
	abstract = {钛合金因其具有高的比强度、良好的塑性及韧性、优异的耐腐蚀性以及高温稳定性,从而受到航天航空、海洋工程以及石油化工等领域的青睐。为了满足各领域对于钛合金的性能要求,新型钛合金的研制以及对现有钛合金性能潜力的充分挖掘便成为了当前研究热点。本文以现有TC4钛合金为研究对象,通过采用热处理强化的手段来提升TC4钛合金力学性能,从而充分挖掘其使用性能,扩展其使用范围,研究结果对于TC4钛合金力学性能的提升具有重要的实际应用价值。本文首先对TC4钛合金材料的成分以及相变点温度进行了实测,在此基础上制定了固溶处理工艺以及时效处理工艺,通过采用XRD、SEM、TEM以及力学性测试等手段,探究了固溶处理过程中的固溶温度、固溶时间以及冷却方式对于微观组织及相成分的影响,分析了时效处理过程中时效温度和时效时间对于微观组织以及力学性能的影响,得到了TC4钛合金固溶-时效热处理过程中的析出强化机制。其次,开展了固溶处理过程中加热阶段和连续冷却阶段的相变行为研究,分别研究了不同加热速率对于加热过程中α→β相变行为的影响以及不同冷却速率对于冷却过程中β→α或β→α′相变行为的影响,并基于修订的JMA模型建立了加热过程中的相变模型。最后,开展了时效处理过程中加热阶段和保温阶段的相变行为研究,分别探究了不同加热速率对于加热过程中α′马氏体分解行为的影响以及不同时效温度对于时效保温过程中α′→α+β相变行为的影响,并基于JMA模型建立了保温阶段的相变模型,同时绘制了时效温度下的TTT曲线。},
	language = {中文;},
	urldate = {2023-04-02},
	school = {燕山大学},
	author = {{邹海贝}},
	year = {2019},
	doi = {10.27440/d.cnki.gysdu.2019.001291},
	keywords = {🔥, 热处理},
	file = {Full Text PDF:C\:\\Users\\agape\\Zotero\\storage\\RFEBYDTH\\邹海贝 - 2019 - TC4钛合金热处理强化工艺及相变行为研究.pdf:application/pdf},
}

@article{孟宪伟2019TC4,
	title = {{TC4钛合金热处理工艺的研究现状及进展}},
	volume = {33},
	number = {3},
	journal = {装备制造与教育},
	author = {{孟宪伟} and {赵锦秀} and {程建雄} and {简勇} and {刘世铎}},
	year = {2019},
	keywords = {⌛},
	pages = {4},
	file = {孟宪伟 等 - 2019 - TC4钛合金热处理工艺的研究现状及进展.pdf:C\:\\Users\\agape\\Zotero\\storage\\IRLRINC8\\孟宪伟 等 - 2019 - TC4钛合金热处理工艺的研究现状及进展.pdf:application/pdf},
}

@article{liutaoRechuliduiTC4taihejindongtailixuexingnengheweiguanzuzhideyingxiang,
	title = {{热处理对TC4钛合金动态力学性能和微观组织的影响}},
	issn = {1000-4939},
	url = {https://kns.cnki.net/kcms2/article/abstract?v=3uoqIhG8C45S0n9fL2suRadTyEVl2pW9UrhTDCdPD66eYqZwZrKZ0dnWJlGix6u5gPetNK2uEjhMKIlJiI1zziw4Ih59SrqF&uniplatform=NZKPT},
	abstract = {为揭示热处理对TC4钛合金动态力学性能及微观组织的影响，选取两种典型热处理方式和五种加载应变率开展了TC4钛合金试样的动态力学性能实验，获取了动态应力-应变数据，并进行了试样的XRD和金相分析。结果表明：高应变率下TC4钛合金应变率强化效应显著。时效处理后，TC4钛合金流动应力、屈服强度及抗压强度得到提升，而固溶时效处理后上述性能降低。时效处理和未热处理试样应力应变曲线均具有弹性、屈服和塑性阶段，而固溶时效处理后无明显弹性和屈服阶段。固溶时效处理后流动应力随应变率增加而增加，时效处理和未热处理试样流动应力无明显变化。时效处理后试样等轴初生α相显著增大且β相含量较低，固溶时效处理后α相晶界增大且含有针状α的β转变基体，TC4钛合金力学性能与β相和亚稳β相的马氏体转变有关。},
	language = {中文},
	urldate = {2023-04-02},
	journal = {应用力学学报},
	author = {{刘涛} and {柏威} and {吴乔国} and {孙虹} and {雷经发}},
	note = {{\textless}北大核心, CSCD{\textgreater}},
	keywords = {/unread, 🔥, 热处理},
	pages = {1--10},
	file = {Full Text PDF:C\:\\Users\\agape\\Zotero\\storage\\QJFGK92Q\\刘涛 等 - 热处理对TC4钛合金动态力学性能和微观组织的影响.pdf:application/pdf},
}

@article{baoxuechunRechuligongyiduiTC4taihejinzuzhihelixuexingnengdeyingxiang2019,
	title = {{热处理工艺对TC4钛合金组织和力学性能的影响}},
	volume = {44},
	url = {https://d.wanfangdata.com.cn/periodical/jsrcl201906029},
	doi = {DOI:; 10.13251/j.issn.0254-6051.2019.06.029},
	abstract = {通过光学显微镜、扫描电镜、维氏硬度计和拉伸试验机等手段研究了不同热处理工艺对TC4钛合金组织和性能的影响.结果表明:热处理工艺对TC4钛合金的晶粒形态、尺寸和各相占比产生很大影响.经920℃ 固溶1 h后空冷加530℃ 时效4 h后空冷获得的双态组织和700℃ 退火2 h后空冷获得的等轴组织的抗拉强度分别高达986 MPa和987 MPa,且两种组织均具有良好的塑性,经1030℃ 固溶1 h后空冷加530℃ 时效4 h后空冷获得的魏氏体组织的抗拉强度低(949 MPa)、塑性差;魏氏体组织的断口SEM照片表现为脆性穿晶断裂为主导,双态组织和等轴组织表现为韧性断裂.魏氏体组织的硬度值最高,等轴组织的硬度值最低,两者的维氏硬度值分别为358 HV0.1和331 HV0.1.},
	language = {zh-CN},
	number = {6},
	urldate = {2023-04-02},
	journal = {金属热处理},
	author = {鲍学淳 and 程礼 and 陈煊 and 鲁凯举},
	year = {2019},
	note = {abstractTranslation:},
	keywords = {⚠️ Invalid DOI, 🔥},
	pages = {137--140},
	file = {4734545.pdf:C\:\\Users\\agape\\Zotero\\storage\\QS953LWN\\4734545.pdf:application/pdf},
}

@article{wangpuqiangButongrechuligongyixiajiguangzengcaizhizaoTC4taihejinzuzhiyuxingnengyanjiujinzhan2020,
	title = {{不同热处理工艺下激光增材制造TC4钛合金组织与性能研究进展}},
	volume = {63},
	issn = {1671-833X},
	url = {https://kns.cnki.net/kcms2/article/abstract?v=3uoqIhG8C44YLTlOAiTRKibYlV5Vjs7i8oRR1PAr7RxjuAJk4dHXonPaRB9dydVYLS5D2Jikjj21wNF7ayjNHhVQSY203JFf&uniplatform=NZKPT},
	doi = {10/gr25gj},
	abstract = {由于激光增材制造(Laser Additive Manufacturing,LAM)TC4钛合金加工成形过程的特殊性,导致该合金在力学性能上存在明显的各向异性,同时韧性、疲劳性能不能很好地满足使用要求。从材料组织与力学性能之间的关系出发,介绍了不同热处理工艺对激光增材制造TC4钛合金组织与力学性能的影响,指出了当前激光增材制造TC4钛合金热处理研究中存在的问题,并为后续激光增材制造TC4钛合金的热处理研究提供思路与方向。},
	language = {中文;},
	number = {10},
	urldate = {2023-04-02},
	journal = {航空制造技术},
	author = {{王普强} and {吴梦杰} and {王豫跃} and {解瑞东} and {张安峰}},
	year = {2020},
	keywords = {/unread, 🔥, 热处理},
	pages = {56--65},
	file = {Full Text PDF:C\:\\Users\\agape\\Zotero\\storage\\625N2I6W\\王普强 等 - 2020 - 不同热处理工艺下激光增材制造TC4钛合金组织与性能研究进展.pdf:application/pdf},
}
