
@article{zotero-1,
}

@misc{zotero-31,
}

@article{panTi6Al4Vtaihejinrechulixingnengdeyanjiujinzhan2023,
	title = {Ti-{6Al}-{4V钛合金热处理性能的研究进展}},
	issn = {1001-3814},
	url = {https://kns.cnki.net/kcms2/article/abstract?v=3uoqIhG8C45S0n9fL2suRadTyEVl2pW9UrhTDCdPD643Qm4HxTlJ5_DslRu3FTXh7l91TUBwSHTeNxJPiBGEXrdV-T-eZBD_&uniplatform=NZKPT},
	doi = {10.14158/j.cnki.1001-3814.20181722},
	abstract = {从热处理工艺对Ti-6Al-4V(TC4)钛合金的显微组织、力学性能及摩擦磨损性能等的影响这些方面，综述了该合金的热处理研究进展，对热处理过程中合金的性能变化进行了梳理，总结了合金在不同热处理工艺后的组织及性能，以期为热处理在钛合金的相关研究和应用提供参考。},
	language = {中文},
	number = {8},
	urldate = {2023-03-30},
	journal = {热加工工艺},
	author = {潘, 婷 and 李, 东亚 and 成, 明 and 吴, 一帆 and 王, 爽 and 刘, 海青 and 李, 天煜},
	year = {2023},
	note = {{\textless}北大核心{\textgreater}},
	keywords = {力学性能, 摩擦磨损 Ti-6Al-4V titanium alloy, 热处理, 显微组织, friction wear, heat treatment, mechanical properties, microstructure, Ti-6Al-4V钛合金, 摩擦磨损, 研究进展},
	pages = {12--15},
	file = {Full Text PDF:C\:\\Users\\agape\\Zotero\\storage\\EQ8NMSL6\\潘 等 - 2023 - Ti-6Al-4V钛合金热处理性能的研究进展.pdf:application/pdf},
}

@phdthesis{yuzhijiaGurongshixiaochuliTi6Al4Vhejinmocamosunxingnengyanjiu2022,
	type = {硕士},
	title = {{固溶时效处理Ti6Al4V合金摩擦磨损性能研究}},
	url = {https://kns.cnki.net/kcms2/article/abstract?v=3uoqIhG8C475KOm_zrgu4lQARvep2SAkaWjBDt8_rTOnKA7PWSN5MHO2c5KFu_5qfjQo0R8PmOC60Y7YHq3s39nQ1H2C0bxi&uniplatform=NZKPT},
	abstract = {Ti6Al4V合金因其良好的综合性能被应用在军工及民生的多个领域,并且固溶时效处理Ti6Al4V合金占据着其中很大的市场份额。固溶时效处理提高了Ti6Al4V合金的强度和硬度,但对钛合金固有较差摩擦磨损性能的改善十分有限。利用表面改性技术确实会提高固溶时效处理Ti6Al4V合金的耐磨性,但同时也增加了工业生产成本、工艺复杂程度和质量监控的难度,为此有必要判断出无需额外表面改性的磨损安全工况。本文通过固溶时效处理Ti6Al4V合金的摩擦磨损性能研究,分析了固溶时效处理Ti6Al4V合金的磨损行为和轻微-严重磨损转变机理,旨在确定合金的磨损工作安全区,为工程应用提供参考。本文全面系统地描述了970℃双相区固溶时效处理和1020℃单相区固溶时效处理Ti6Al4V合金在20～200℃环境温度及10～240 N施加载荷范围内的摩擦磨损行为。在每个环境温度下,将磨损率和摩擦系数表述为随施加载荷变化的函数,并结合表面形貌和表面成分测试结果,分析表面磨损机理,确定发生轻微磨损的安全区间。再通过分析磨损亚表层微观组织和硬度变化,探索轻微-严重磨损转变的机理。最后利用数值模型分析两种不同的固溶时效处理工艺为Ti6Al4V合金磨损性能所带来的影响。主要研究成果如下:(1)两种固溶时效处理Ti6Al4V合金皆存在轻微磨损和严重磨损阶段。随载荷增加,磨损率在轻微磨损阶段的增速较缓,在严重磨损阶段的增速较大。随测试环境温度的升高,轻微-严重磨损转变载荷点逐渐降低,其中970℃双相区固溶时效处理Ti6Al4V合金的轻微-严重磨损转变载荷由20℃的130 N降低到200℃的75 N,1020℃单相区固溶时效处理Ti6Al4V合金的轻微-严重磨损转变载荷由20℃的120 N降低到200℃的65 N。(2)轻微磨损阶段的磨损表面主要发生氧化层剥落、轻微塑性变形、粘着磨损,严重磨损阶段的磨损表面主要发生严重塑性变形和粘着磨损。表面严重塑性变形是发生严重磨损的主要特征。通过绘制磨损机制转变图,确定两种固溶时效处理合金各自处于安全磨损状态的载荷-温度区间。与双相区固溶时效处理Ti6Al4V合金相比,单相区固溶时效处理Ti6Al4V合金的氧化层剥落现象会保持在更大的温度-载荷范围内,这有助于减缓单相区固溶时效处理Ti6Al4V合金在轻微磨损阶段磨损率的上升速度。(3)在轻微磨损阶段,固溶时效处理Ti6Al4V合金磨损亚表层的摩擦影响区内主要为塑性变形区,热机械效应引起的β相增多使发生塑性变形的组织硬度下降。在严重磨损阶段,摩擦影响区包含塑性变形区和组织细化层。塑性变形区内的合金因β相增多而硬度有所下降;在最接近磨损表面的组织细化层内,动态再结晶(Dynamic recrystallization,DRX)转变的发生使表面急剧软化。DRX是导致严重磨损的根本原因。(4)原始退火态、双相区固溶时效处理以及单相区固溶时效处理这三种状态的Ti6Al4V合金的轻微-严重磨损转变载荷均与环境温度呈线性递减的关系,这表明Ti6Al4V合金的轻微-严重磨损转变遵循表面DRX温度准则。通过轻微-严重磨损转变载荷的计算模型,可推算出原始退火态Ti6Al4V合金发生轻微-严重磨损转变对应的DRX温度为558.11℃,970℃双相区固溶时效处理Ti6Al4V合金的DRX温度为446.09℃,1020℃单相区固溶时效处理Ti6Al4V合金的DRX温度为413.19℃。固溶时效处理使Ti6Al4V合金发生轻微-严重磨损转变的临界DRX温度降低。},
	language = {中文;},
	urldate = {2023-03-31},
	school = {吉林大学},
	author = {{于志佳}},
	year = {2022},
	doi = {10.27162/d.cnki.gjlin.2022.005934},
	keywords = {摩擦磨损, 动态再结晶 Ti6Al4V alloy, 固溶时效, 轻微-严重磨损转变, dynamic recrystallization, friction and wear, mild-severe wear transition, solution-aging treatment, Ti6Al4V合金},
	file = {Full Text CAJ:C\:\\Users\\agape\\Zotero\\storage\\FXBYBBPE\\于志佳 - 2022 - 固溶时效处理Ti6Al4V合金摩擦磨损性能研究:application/caj},
}

@phdthesis{dongentaoGaoqiangaVtaihejinwufengguanreyagongyijizuzhixingnengtiaokongyanjiu2022,
	type = {博士},
	title = {高强α+β钛合金无缝管热轧工艺及组织性能调控研究},
	url = {https://kns.cnki.net/kcms2/article/abstract?v=3uoqIhG8C447WN1SO36whLpCgh0R0Z-i16_wNaYct1rCckkTLVqOrWn3CVaK8eo8LavlfYvCKWkBba2iylTvOwo7F8FGIHrs&uniplatform=NZKPT},
	abstract = {随着高温高压、高腐蚀油气资源的不断开发,传统高强度铁基和镍基油井管材难以满足严苛复杂的服役工况条件,亟需使用高强韧耐蚀的油井管材。钛合金具有密度低、优良的中高温比强度和极强抗腐蚀等性能,在油气勘探行业应用潜力巨大。然而钛合金热加工过程中存在吸氧倾向严重,组织遗传性较强,变形抗力受温度影响显著等因素,使高强α+β钛合金管材难以加工。因此,本文以TC4钛合金无缝管的热轧工艺流程为主线,结合实验模拟、仿真模拟和现场验证等手段,系统研究钛合金在热加工过程中变形特征及组织演变机制,为优化钛合金管材组织性能控制工艺提供理论依据。针对高温加热对钛合金组织演变的影响作用,开展研究了 TC4钛合金的高温氧化行为和高温β晶粒长大行为。通过钛合金在热加工温度区间的氧化增重及渗氧层生长动力学,明确了氧化层及渗氧层的形成机理。氧化层的形成主要受氧的内扩散和钛、铝的外扩散过程控制,相变温度以上氧化速率加速明显提高。渗氧层在β相变温度上下区间分别呈现粗大板条和细点状形貌,表明其不仅受氧扩散相变控制,还与基体组织状态及取向有关。相变温度以上加热,保温温度提高和时间延长都会导致β晶粒快速长大。综合考虑初始晶粒尺寸、温度和时间的共同影响,引入晶粒生长指数和时间指数,建立了预测高温β晶粒尺寸演变规律的Sellars修正模型,得到β晶粒静态长大激活能Qg=161.0 kJ/mol。为避免β晶粒高温粗化导致渗氧层的加速生长,实际生产中应避免钛合金坯料在相变温度以上进行长时间保温。基于热压缩实验,模拟研究了在β单相区斜轧穿孔变形及变形后待温过程对β相的作用规律。在高温、高应变速率条件下,变形β相是以动态回复为主和晶界弓出动态再结晶为辅的变形机制,动态再结晶后短时待温过程中({\textless}60 s)发生的后动态再结晶可有效细化β晶粒并提升组织的均匀性。建立了后动态再结晶模型和晶粒长大模型,得到了低于β晶粒静态长大激活能的后动态再结晶晶粒长大激活能QPG=117.5 kJ/mol,表明后动态再结晶组织更易粗化。根据β单相区连续冷却转变实验,明确了连续冷却的片层结构组织主要特征是集束尺寸及片层厚度变化同初始β晶粒尺寸变化呈正相关性,集束α尺寸显著影响着钛合金的强度、塑性及韧性,符合Hall-Petch关系,其中冲击裂纹扩展路径受组织界面状态和集束α尺寸共同影响和控制。通过研究钛合金连续冷却组织在α+β两相区的热变形行为,发现软化机制随着温度升高和应变速率降低,由动态再结晶向动态回复转变。在靠近相变温度的两相区变形({\textgreater}900℃),为β晶粒动态再结晶和α相破碎(晶界α分离、片层α不连续动态再结晶)的协同变形机制;在较低两相区温度({\textless}900℃)变形,为集束片层α的连续动态再结晶球化机制。在高应变速率条件下易出现绝热剪切和局部流动失稳现象,造成组织的不均匀。建立了基于应变补偿的Arrhenius模型和基于位错密度理论与动态再结晶软化机制的分段本构模型,并构建了两相区热加工图。失稳区随着应变的增加而变大,在两相区适宜热加工区域为变形温度850-920℃,应变速率为0.01-1 s-1。结合有限元模拟连轧及定减径研究,验证了加工温度区间的合理性。通过设计不同热轧实验模拟钛合金无缝管热加工过程,研究两相区不同形变热处理工艺对钛合金组织演变及力学性能的影响机制。采用“近相变温度变形+在线固溶+小变形”工艺获得了长片层α+交错短片层α+球化α的组织,显著提升了强度和冲击性能。现场生产结果显示,应用在线固溶工艺生产的热轧TC4钛合金无缝管无需经复杂离线热处理即可获得高强韧性,其抗拉强度和冲击功较常规工艺制备的热轧钛管分别提升了 8.0\%和6.4\%。微量Ni、Nb添加的TC4合金经强化作用抗拉强度可达1021 MPa,屈服强度为948 MPa,延伸率为14.1\%,0℃冲击功为44.9 J。},
	language = {中文;},
	urldate = {2023-03-31},
	school = {北京科技大学},
	author = {{董恩涛}},
	year = {2022},
	doi = {10.26945/d.cnki.gbjku.2022.000376},
	keywords = {Mechanical properties, 力学性能 Titanium alloy seamless tube, 热变形, 钛合金无缝管, 组织演变, Hot deformation, Microstructure evolution, 机理},
	file = {Full Text PDF:C\:\\Users\\agape\\Zotero\\storage\\FHNV37PB\\董恩涛 - 2022 - 高强α+β钛合金无缝管热轧工艺及组织性能调控研究.pdf:application/pdf},
}

@article{LiLingLingYongDianHuaWuJingLianGaoChunTai2001,
	title = {用碘化物精炼高纯钛},
	doi = {10.16206/j.cnki.65-1136/tg.2001.02.015},
	number = {48},
	journal = {新疆有色金属},
	author = {{李玲玲}},
	year = {2001},
	keywords = {/unread},
}

@article{MaRuiTC4TaiHeJinDianZiShuHanJieTouXingNengYanJiu2021,
	title = {{TC4钛合金电子束焊接头性能研究}},
	issn = {1002-025X},
	doi = {10.13846/j.cnki.cn12-1070/tg.2021.09.012},
	number = {20-23},
	journal = {焊接技术},
	author = {马蕊, 王鹏，},
	year = {2021},
	keywords = {/unread},
}

@article{ezugwuTitaniumAlloysTheir1997,
	title = {Titanium alloys and their machinability—a review},
	volume = {68},
	number = {3},
	journal = {Journal of materials processing technology},
	author = {Ezugwu, EO and Wang, ZM},
	year = {1997},
	note = {Publisher: Elsevier},
	keywords = {/unread},
	pages = {262--274},
}

@article{LiLiangTaiHeJinDeYingYongXianZhuangJiFaZhanQianJing2004,
	title = {钛合金的应用现状及发展前景},
	issn = {1009-9964},
	number = {19-24},
	journal = {钛工业进展},
	author = {李梁, 孙健科, 孟祥军},
	year = {2004},
	keywords = {/unread},
}

@article{GaoJingGuoNeiWaiTaiHeJinYanJiuFaZhanDongTai2001,
	title = {国内外钛合金研究发展动态},
	issn = {1002-5065},
	number = {4-7},
	journal = {世界有色金属},
	author = {高敬, 姚丽},
	year = {2001},
	keywords = {/unread},
}

@article{ShenChenWoGuoTaiGongYeJiShuJinZhanJiQuShi2022,
	title = {我国钛工业技术进展及趋势},
	issn = {1672-1667},
	number = {1-3},
	journal = {中国金属通报},
	author = {{申晨}},
	year = {2022},
	keywords = {/unread},
}

@article{ShiYanPeiTC4TaiHeJinYePianDuanZaoGuoChengZhongJingLiChiCunDeShuZhiMoNi2009,
	title = {{TC4钛合金叶片锻造过程中晶粒尺寸的数值模拟}},
	issn = {1672-0121},
	doi = {10.16316/j.issn.1672-0121.2009.02.014},
	number = {101-104},
	journal = {锻压装备与制造技术},
	author = {史延沛, 李淼泉 ; 罗皎},
	year = {2009},
	keywords = {/unread},
}

@article{ShaoYiTaoJiYuBPRenGongShenJingWangLuoDeTC17TaiHeJinXianWeiZuZhiLiXueXingNengGuanXiYuCe2011,
	title = {{基于BP人工神经网络的TC17钛合金显微组织}-力学性能关系预测},
	issn = {1002-185X},
	number = {225-230},
	journal = {稀有金属材料与工程},
	author = {邵一涛, 曾卫东, 韩远飞, 周建华, 王晓英 ; 周义刚},
	year = {2011},
	keywords = {/unread},
}

@article{guoCurrentSituationDevelopment2022,
	title = {Current situation and development trend of titanium metal industry in {China}},
	issn = {1674-4799},
	number = {599-610},
	journal = {International Journal of Minerals,Metallurgy and Materials},
	author = {Guo, Guanzhou Qiu； Yufeng},
	year = {2022},
	keywords = {/unread, 现状},
}

@book{XingShuYiWangShiHongBianLuHeJinHeTaiHeJin1987,
	title = {铝合金和钛合金},
	publisher = {北京：机械工业出版社},
	author = {{邢淑仪，王世洪编}},
	month = oct,
	year = {1987},
	keywords = {/unread},
}

@article{LiuLeiTi6Al4VTaiHeJinBuTongReChuLiFangFaDeShiYanYuFuHeCaiLiaoLiXueXingNengFenXi2022,
	title = {{Ti6Al4V钛合金不同热处理方法的试验与复合材料力学性能分析}},
	issn = {1001-5922},
	number = {119-123},
	journal = {粘接},
	author = {刘磊, 吴建 ;},
	year = {2022},
	keywords = {/unread},
}

@article{RanXingGuRongWenDuDuiTi6Al4VELITaiHeJinXianWeiZuZhiJiXingNengDeYingXiang2021,
	title = {{固溶温度对Ti6Al4V} {ELI钛合金显微组织及性能的影响}},
	issn = {1004-7638},
	number = {66-71},
	journal = {钢铁钒钛},
	author = {冉兴, 王哲, 李海宾, 吕志刚 ; 李培杰},
	year = {2021},
	keywords = {/unread},
}

@article{LiuWanYingBuTongReChuLiGongYiDuiTi6Al4VTaiHeJinWeiGuanJieGouHeLiXueXingNengYingXiangYingWen2017,
	title = {{不同热处理工艺对Ti6Al4V钛合金微观结构和力学性能影响}（英文）},
	issn = {1002-185X},
	number = {634-639},
	journal = {稀有金属材料与工程},
	author = {刘婉颖, 林元华, 陈宇海, 施太和；Ambrish Singh},
	year = {2017},
	keywords = {/unread},
}

@mastersthesis{ChenGuanYuReChuLiGongYiDuiTC4TaiHeJinFuShiXingNengDeYingXiang2021,
	title = {{热处理工艺对TC4钛合金腐蚀性能的影响}},
	school = {河北：石家庄铁道大学},
	author = {{陈冠宇}},
	year = {2021},
	doi = {10.27334/d.cnki.gstdy.2021.000355.},
	keywords = {/unread},
}

@mastersthesis{LiChenYuReChuLiDuiTC4TaiHeJinZuZhiJieGouJiXianXueJiaGongXingNengDeYingXiang2021,
	title = {{热处理对TC4钛合金组织结构及铣削加工性能的影响}},
	school = {合肥工业大学},
	author = {{李宸宇}},
	year = {2021},
	doi = {10.27101/d.cnki.ghfgu.2021.001505.},
	keywords = {/unread},
}

@mastersthesis{LiuZiLinTC4TaiHeJinLiangXiangQuReChuLiZuZhiYuXingNengYanJiu2021,
	title = {{TC4钛合金两相区热处理组织与性能研究}},
	school = {东南大学},
	author = {{刘子霖}},
	year = {2021},
	keywords = {/unread},
}

@article{GuoKaiTC4TaiHeJinReChuLiGongYiDeYanJiuXianZhuangJiJinZhan2021,
	title = {{TC4钛合金热处理工艺的研究现状及进展}},
	issn = {1002-5065},
	number = {16-17},
	journal = {世界有色金属},
	author = {郭凯, 何忝锜 ; 和蓉},
	year = {2021},
	keywords = {/unread},
}

@article{LuYuanYuanShiXiaoChuLiDuiTC4TaiHeJinWeiGuanZuZhiHeLiXueXingNengDeYingXiang2019,
	title = {{时效处理对TC4钛合金微观组织和力学性能的影响}},
	issn = {0254-6051},
	doi = {10.13251/j.issn.0254-6051.2019.07.007},
	number = {34-38},
	journal = {金属热处理},
	author = {鲁媛媛, 马保飞 ; 刘源仁},
	year = {2019},
	keywords = {/unread},
}

@article{WangXinYingZTC4TaiHeJinGuRongShiXiaoReChuLiGongYiYanJiu2002,
	title = {{ZTC4钛合金固溶时效热处理工艺研究}},
	number = {z1},
	journal = {金属学报},
	author = {王新英, 谢成木},
	year = {2002},
	keywords = {/unread},
	pages = {4},
}

@article{ZhangBoTi6Al4VTaiHeJinGaoWenSunShangMoXingJiSunShangJiLi2022,
	title = {{Ti6Al4V钛合金高温损伤模型及损伤机理}},
	volume = {43},
	url = {https://kns.cnki.net/kcms/detail/detail.aspx?dbname=CJFDLAST2022&filename=JSCL202209021&dbcode=CJFD},
	doi = {10.13289/j.issn.1009-6264.2022-0064},
	abstract = {在800～1000℃及应变速率为0.01～5 s{\textasciitilde}(-1)条件下对Ti6Al4V钛合金进行了高温拉伸试验，研究了其高温损伤行为。基于Normalized Cockcroft-Latham(NCL)损伤模型，提出了考虑温度及应变速率的高温损伤模型，采用Gleeble Fracture Limit (GFL)方法测定了Ti6Al4V合金的临界损伤值。对Ti6Al4V合金拉伸过程进行了仿真模拟，并与拉伸试验的断裂长度进行对比。观察了合金的拉伸断口，分析变形条件对其断口形貌的影响。结果表明：模拟结果与试验结果的吻合度较高，相关系数R为0.993,表明该损伤模型对Ti6Al4V合金的损伤具有较高的预测精度；断口分析表明Ti6Al4V合金高温下为韧性断裂，且在较高的温度和较低的应变速率下表现出较好的塑韧性。},
	number = {09},
	journal = {材料热处理学报},
	author = {{张博} and {陈学文} and {白荣忍} and {杨怡思} and {郭乐乐} and {Akiyoshi Osaka}},
	month = sep,
	year = {2022},
	keywords = {/unread, 高温损伤模型, 数值模拟, GFL方法, Ti6Al4V钛合金},
	pages = {186--192},
}

@article{huiwangConstitutiveModellingMicroscopic2019,
	title = {Constitutive modelling and microscopic analysis of {TC4} alloy sheet at elevated temperature},
	url = {https://kns.cnki.net/kcms/detail/detail.aspx?dbname=SJDJ&filename=SJDJ9C53301AE5B9AB9296C09D11AC16AC87&dbcode=SJDJ},
	author = {{Hui Wang} and {Kongxun Zhao} and {Xingrong Chu} and {Bing Zhao} and {Jun Gao}},
	year = {2019},
	keywords = {/unread},
}

@article{LiuYingTaiHeJinTC4DeYanJiuKaiFaYuYingYong2005,
	title = {{钛合金TC4的研究开发与应用}},
	url = {https://kns.cnki.net/kcms/detail/detail.aspx?dbname=CJFD2005&filename=BCKG200501015&dbcode=CJFD},
	doi = {10.14024/j.cnki.1004-244x.2005.01.014},
	abstract = {综述了国内外主要的TC4(Ti6Al4V)材料的基本特性、力学性能和应用领域,介绍了目前TC4的研究现状与进展, 各种工艺对TC4产品力学性能的影响,以及TC4的超塑成形、近β锻造和计算机模拟等。通过塑性变形和热处理工艺的 结合,可获得具有较高强度和优良延展性的TC4材料,并将成为21世纪最重要的民用材料之一。},
	number = {01},
	journal = {兵器材料科学与工程},
	author = {刘莹, 王本贤, 曲周德},
	month = jan,
	year = {2005},
	keywords = {/unread, 塑性变形, 组织织构, TC4(Ti6Al4V)},
	pages = {47--50},
}

@phdthesis{YangJingJingJiGuangXuanQuRongHuaChengXingTi6Al4VHeJinDeZuZhiYanBianJiDiaoKong2017a,
	type = {{CNKI}:{CDMD}:1.1017.145941},
	title = {{激光选区熔化成形Ti}-{6Al}-{4V合金的组织演变及调控}},
	url = {https://kns.cnki.net/kcms/detail/detail.aspx?dbname=CDFD2018&filename=1017145941.nh&dbcode=CDFD},
	abstract = {激光选区熔化(SLM)工艺是一种以预置铺粉、分层制造、叠加成形原理进行“增材”式三维加工的高端数字化制造技术。它突破了现有制造技术对构件形状的限制,能够实现功能-结构-制造的一体化,是解决航空航天Ti-6A1-4V合金复杂精密构件制造极具潜力的方法之一。但是,SLM技术逐点逐线逐层的沉积方式产生了由多重非稳态水平和垂直热循环构成的独特复杂热历史,从而导致成形过程中Ti-6A1-4V合金的显微组织演变和调控都处于未知状态。因此,本文首先通过实验系统研究了 SLM水平、垂直热循环以及复杂热历史下成形的T...},
	school = {华中科技大学},
	author = {{杨晶晶}},
	month = may,
	year = {2017},
	note = {Issue: 10
Publication Title: 华中科技大学},
	keywords = {力学性能, /unread, 激光选区熔化, 显微组织演变, 元胞自动机, Ti-6Al-4V},
}

@article{HuangShuHuiTi6Al4VHeJinReQingChuLiZuZhiYanBianYanJiu2013,
	title = {{Ti6Al4V合金热氢处理组织演变研究}},
	volume = {21},
	url = {https://kns.cnki.net/kcms/detail/detail.aspx?dbname=CJFD2013&filename=CLKG201304002&dbcode=CJFD},
	abstract = {应用热压缩、固溶淬火和真空退火热处理研究了未置氢和置氢0.18wt.\%Ti6Al4V合金不同的工艺条件下的微观组织演变,并且通过硬度测试分析了微观组织和机械性能之间的关系.结果表明:置氢降低了Ti6Al4V合金的热变形抗力,促进了固溶淬火过程中马氏体转变的发生,使得真空退火得到的双态组织更加细小.对于未置氢和置氢的Ti6Al4V合金来说,合理的工艺顺序均应该是:热变形,固溶淬火和真空退火,并且最终都能得到双态组织.},
	number = {04},
	journal = {材料科学与工艺},
	author = {{黄树晖} and {宗影影} and {单德彬}},
	month = aug,
	year = {2013},
	keywords = {Ti6Al4V合金, 热变形, 组织演变, /unread, 热氢处理},
	pages = {7--11},
}

@article{WangWeiTi6Al4VTaiHeJinBoBanTuiHuoJiBianShuZhiMoNiJiShiYanYanZheng2016,
	title = {{Ti6Al4V钛合金薄板退火畸变数值模拟及试验验证}},
	volume = {41},
	url = {https://kns.cnki.net/kcms/detail/detail.aspx?dbname=CJFDLAST2016&filename=JSRC201601054&dbcode=CJFD},
	doi = {10.13251/j.issn.0254-6051.2016.01.043},
	abstract = {对Ti6Al4V钛合金薄板在退火过程中发生的热处理畸变进行计算机模拟和试验研究,采用MSC.marc软件建立三种有限元模型,分析对比三种模型畸变模拟结果及试验结果,研究薄板热处理畸变规律。结果表明,残余应力引起的蠕变和弹性应变是畸变的主要原因,热粘塑性模型(Model 3)能较为准确地预测Ti6Al4V钛合金薄板退火畸变,热弹塑性模型(Model 1)模拟结果与试验结果差别较大,蠕变是预测畸变准确性的关键因素。残余应力导致薄板上下两部分X、Y方向应变,迫使薄板发生弯曲畸变,内部残余应力是薄板在退火过程中发生畸变的根本原因。重力改变弹性应变方向,总应变增大,从而使得薄板畸变量增大。},
	number = {01},
	journal = {金属热处理},
	author = {{王伟} and {李华冠} and {杨吟飞} and {史春玲} and {陶杰}},
	month = jan,
	year = {2016},
	keywords = {钛合金, /unread, 数值模拟, 薄板, 残余应力, 畸变, 退火},
	pages = {204--210},
}

@article{seongjiseoEffectCoolingRate2021,
	title = {Effect of {Cooling} {Rate} on {Microstructure} and {Hardness} during {Solution} {Treatment} and {Aging} {Process} of {Ti}-{6Al}-{4V} {Alloy} for {Aerospace} {Components}},
	url = {https://kns.cnki.net/kcms/detail/detail.aspx?dbname=SSJD&filename=SSJD99D0AE84494DEF86FCA29AED0B0FF4D7&dbcode=SSJD},
	number = {prep},
	author = {{Seongji Seo} and {Hojoon Choi} and {Geeyoung Lee} and {Kee-Ahn Lee} and {Jeongho Han} and {Minsu Jung}},
	year = {2021},
	keywords = {/unread},
}

@article{guptaamanInvestigationsEffectHeating2018,
	title = {Investigations on the effect of heating temperature and cooling rate on evolution of microstructure in an α + β titanium alloy},
	url = {https://kns.cnki.net/kcms/detail/detail.aspx?dbname=XJAZ&filename=XJAZC65985C98566D161E2D095E728CD62DB&dbcode=XJAZ},
	number = {8},
	author = {{Gupta Aman} and {Khatirkar Rajesh Kisni} and {Kumar Amit} and {Parihar Manendra Singh}},
	year = {2018},
	keywords = {/unread},
}

@article{WeiGuoHuaTaiHeJinReChuLiGongYi2005,
	title = {钛合金热处理工艺},
	url = {https://kns.cnki.net/kcms/detail/detail.aspx?dbname=CJFD2005&filename=HLYJ200503003&dbcode=CJFD},
	abstract = {对 TC4轧棒进行了普通退火、等温退火、固溶处理加时效工艺试验、讨论了不同热处理工艺对 TC4轧棒显微组织、机械性能和硬度的影响。对 TC11轧棒进行了双重退火工艺试验,观察了显微组织,测试了机械性能和硬度。},
	number = {03},
	journal = {黑龙江冶金},
	author = {{魏国华} and {王松涛} and {李季}},
	month = aug,
	year = {2005},
	keywords = {钛合金, 热处理, /unread},
	pages = {7--10},
}

@article{WangWeiTuiHuoWenDuDuiTi6Al4VBoBanTuiHuoBianXingYingXiangDeYouXianYuanFenXiJiShiYanYanZheng2015,
	title = {{退火温度对Ti6Al4V薄板退火变形影响的有限元分析及实验验证}},
	volume = {47},
	url = {https://kns.cnki.net/kcms/detail/detail.aspx?dbname=CJFDLAST2015&filename=NJHK201505019&dbcode=CJFD},
	doi = {10.16356/j.1005-2615.2015.05.018},
	abstract = {为了研究钛合金退火变形规律,对Ti6Al4V薄板初始残余应力作一定假设和简化,采用MSC.marc软件建立Ti6Al4V薄板退火热粘塑性模型,分析不同退火温度(550,580,600,620,650℃)对钛合金退火变形的影响及其原因,并结合退火实验验证模拟结果。结果表明,初始残余应力在蠕变作用下产生蠕变应变和弹性应变,使薄板退火后应变分布符合板材弯曲时典型应变分布规律,最终导致薄板退火变形。随着退火温度升高,蠕变作用加强,退火变形增大,而应力应变随时间变化趋势基本一致。实验结果验证了数值模拟的可靠性。},
	number = {05},
	journal = {南京航空航天大学学报},
	author = {{王伟} and {徐建军} and {李华冠} and {杨吟飞} and {史春玲} and {陶杰}},
	month = oct,
	year = {2015},
	keywords = {钛合金, /unread, 数值模拟, 残余应力, 退火, 变形},
	pages = {737--744},
}

@article{LiuYinQiReChuLiDuiJinvXingTaiHeJinXianWeiZuZhiJiLiXueXingNengDeYingXiang1999,
	title = {热处理对近β型钛合金显微组织及力学性能的影响},
	url = {https://kns.cnki.net/kcms/detail/detail.aspx?dbname=CJFD9899&filename=CLKY199906002&dbcode=CJFD},
	doi = {10.19515/j.cnki.1003-1545.1999.06.003},
	abstract = {研究了固溶时效处理对近β型钛合金显微组织和力学性能的影响。采用均匀设计法进行了试验设计，用二次回归法得到了热处理工艺参数与该合金强度和韧性的定性关系。金相分析结果表明，该合金固溶时效后的组织由β基体和析出的α相组成。另外经断口分析发现，其断口特征是脆性和韧性的混合断口。},
	number = {06},
	journal = {材料开发与应用},
	author = {{刘茵琪}},
	month = dec,
	year = {1999},
	keywords = {钛合金, 力学性能, 热处理, 显微组织, /unread},
	pages = {9--13},
}

@article{TanHaiBoVTuiHuoCanShuDuiTi6Al4VHeJinZuZhiHeXingNengDeYingXiang2021,
	title = {{β退火参数对Ti6Al4V合金组织和性能的影响}},
	volume = {46},
	url = {https://kns.cnki.net/kcms/detail/detail.aspx?dbname=CJFDLAST2021&filename=JSRC202101052&dbcode=CJFD},
	doi = {10.13251/j.issn.0254-6051.2021.01.038},
	abstract = {钛合金β退火产生的片层组织可以显著提高材料的损伤容限性能。通过不同的β退火温度和冷却速率试验研究了β退火参数对Ti-6Al-4V合金组织和性能的影响。结果表明:β退火温度在T\_β+10℃～Tβ+50℃范围内,随着退火温度的提高,β晶粒尺寸不断长大,温度提高到T\_β+50℃,合金强度、塑性降低明显;β退火保温时间基本与退火温度对组织和性能的影响规律一致,即保温时间延长强度和塑性降低,但断裂韧性提高;去应力退火温度在一定范围内提高,α片层厚度增加,抗拉强度和规定塑性延伸强度降低,塑性和断裂韧性提高;β退火后冷却速率对材料组织性能影响较大,冷速越大,α片层厚度、晶界α宽度和α集束尺寸明显减小,拉伸强度提高,但塑性下降。},
	number = {01},
	journal = {金属热处理},
	author = {{谭海波} and {师周龙} and {张书美} and {朱娟娟}},
	month = jan,
	year = {2021},
	keywords = {力学性能, 热处理, 显微组织, Ti6Al4V合金, /unread, β退火},
	pages = {209--213},
}

@article{r.yazdiOxygenDiffusionLayer2019,
	title = {Oxygen {Diffusion} {Layer} on {Ti}–{6Al}–{4V} {Alloy}: {Scratch} and {Dry} {Wear} {Resistance}},
	url = {https://kns.cnki.net/kcms/detail/detail.aspx?dbname=SSJD&filename=SSJD142A89A4F535BE826295B8BFBB2CA994&dbcode=SSJD},
	number = {4},
	author = {{R. Yazdi} and {H. M. Ghasemi} and {M. Abedini} and {C. Wang} and {A. Neville}},
	year = {2019},
	note = {titleTranslation: 氧气扩散层Ti-6Al-4V合金:划痕和干燥的耐磨性},
	keywords = {/unread},
}

@article{q.y.zhangInvestigationTribolayersTheir2016,
	title = {Investigation on tribo-layers and their function of a titanium alloy during dry sliding},
	url = {https://kns.cnki.net/kcms/detail/detail.aspx?dbname=SJES&filename=SJES28EF44A4D8B5D92445E643B3D52F2429&dbcode=SJES},
	author = {{Q.Y. Zhang} and {Y. Zhou} and {L. Wang} and {X.H. Cui} and {S.Q. Wang}},
	year = {2016},
	note = {titleTranslation: 调查tribo-layers及其功能的钛合金在干滑动},
	keywords = {/unread},
}

@phdthesis{JiangYinFangGongChengJieGouXiJiePiLaoJianJiGuangChongJiQiangHuaDeJiGeGuanJianWenTiYanJiu2017,
	type = {{739727B9B17384F4D8D95E4CC064936E}},
	title = {工程结构细节疲劳件激光冲击强化的几个关键问题研究},
	url = {https://kns.cnki.net/kcms/detail/detail.aspx?dbname=CDFDLAST2019&filename=1018845044.NH&dbcode=CDFD},
	abstract = {激光冲击强化技术是利用强脉冲激光束辐照在靶材表面的涂层上,产生高能等离子体冲击波作用于工件进行表面强化的先进制造技术。激光冲击强化技术应用于工程结构细节,能够直接大幅度的提高航空材料、部件等的使用寿命,提高系统的安全性、可靠性。激光冲击强化技术应用于工程结构细节还存在许多并未揭示的理论问题,包括激光冲击波在工程结构细节中传播、作用,残余应力的形成机制、规律和调控,激光强化考虑构件的材料、厚度、几何尺寸和形状差异,外载作用下的损伤机制等,通过研究以期提出一整套的理论解决方案和工艺技术。本文在对现有激光冲击强化技术应用于工程结构细节抗疲劳技术进行了论述,综合了国内外学者在本领域中成果,探讨了研究与应用中存在的问题和发展方向。在此基础上,采用理论、仿真和试验的方法展开相关的研究工作。通过大量的仿真和试验研究,理清了工程结构细节激光冲击强化相关理论问题,探索了工程结构细节激光冲击强化的残余应力形成和作用规律、机制及调控方法;揭示了工程结构细节激光冲击强化过程中存在的特殊性和主要特征现象,微观机制;研究激光冲击强化的工程结构细节的外载特性,建立了激光冲击强化的工程结构细节的循环加载的S-N曲线。研究工作为激光冲击强化技术在工程结构细节中应用,提高工程结构关键件和疲劳部位的寿命,奠定一定的理论基础。主要结论和创新性成果如下:(1)论述了冲击波的传播及与工程结构细节的相互作用;分析了激光诱导冲击波作用下工程结构细节残余应力的形成与分布;分析比较了激光冲击强化孔角与孔壁中间应力强度因子的差异,以及激光冲击强化圆角结构细节的应力强度因子。(2)基于ABAQUS有限元分析软件和必要的疲劳试验,对小孔件、圆角件、圆棒件残余应力形成规律和影响因素进行了分析研究;为了综合考虑光斑搭接率和冲击层数的影响,提出单面冲击平均覆盖率的概念,揭示了多次激光冲击在材料表面产生的强夯效应;通过对不同功率密度(峰压)小孔构件孔壁应力峰值与表面应力研究,揭示了孔壁应力峰值随功率密度(峰压)的增加有先增后降规律;发现了不同功率密度(峰压)下孔壁应力峰值与表面应力有一定的对应关系,为通过对表面应力的测量和控制,间接而有效地对孔壁应力峰值进行预测和控制提供思路和方法。(3)通过理论分析,推导了小孔板件进行激光冲击强化需要的功率密度I\_0为(?),并通过对不同厚度的小孔试件进行激光冲击强化和疲劳试验,求得TC4DT钛合金的经验公式为(?);制定了不同材料和不同厚度试件的工艺参数选择步骤和方法;以TC4-DT钛合金板料和7050-T7451铝合金板料为例进行了工艺参数的选择,并通过试验进行了验证。通过对不同厚度小孔试样残余应力分布规律,不同板厚试样疲劳源位置和形态进行研究,发现了激光冲击强化的不同厚度试样疲劳寿命有较明显的不同,小孔试件厚度与激光冲击强化效果间有着必然联系和规律,提出了激光冲击强化小孔试样存在厚度效应的概念。(4)通过大量的仿真和试验,对不同曲面形状和曲率进行激光冲击残余压应力的分布进行了研究,结果认为,在模型的弯曲方向上残余应力的分布规律是不同的,凹、平和凸面三种几何模型的残余压应力影响层深度不同;结果表明,激光冲击强化参数优化后有效地提高了圆角结构细节的疲劳寿命。研究结果还表明,对圆棒试样来说,激光冲击使拉应力位置内移,拉应力峰值增大,钛合金圆棒经激光冲击后不利于拉-拉疲劳性能,表现为负增益;对铝合金圆棒试样施以较小的能量冲击,表现出较好的增益;在旋转弯曲特性载荷下,钛合金圆棒经激光冲击后其疲劳寿命大幅增加,因此认为,激光冲击强化后服役环境的选择是一个重要课题。(5)对7050T7451铝合金、TC4-DT、TC21钛合金材料,不同厚度,不同工程结构细节(小孔、圆角、棒料等)试件,进行了不同应力水平下的疲劳试验和统计分析;研究了激光冲击强化对不同材料、几何尺寸和形状的影响,探讨了工艺对工程结构细节疲劳件抗疲劳的作用;参考HB/Z 112-1986《材料疲劳试样统计分析方法》,根据成对对比分析方法,以95\%的置信度,对试验结果进行了统计分析,完成各个情况下的S-N曲线的制作和研究。(6)通过对不同试验参数条件下疲劳寿命及断口特性进行研究,发现了随着激光冲击能量的加大,疲劳源发生转移的机制和规律,及其与疲劳寿命的关系;研究还揭示了外载应力水平不同,疲劳源萌生,裂纹扩展的规律和机制;研究工作还就圆角、圆棒试样应力分布及其在不同循环载荷下的疲劳断口的形貌特征和规律进行了研究。},
	author = {{姜银方}},
	month = nov,
	year = {2017},
	note = {Publication Title: 江苏大学},
	keywords = {/unread, 残余应力, 7050-T7451铝合金, 断口微观机制, 厚度效应, 激光冲击强化, 几何效应, 疲劳寿命, 外载特性, S-N曲线, TC4-DT钛合金},
}

@article{ZhaoYongQingWoGuoTaiHeJinDeYanZhiYuFaZhan2007,
	title = {我国钛合金的研制与发展},
	url = {https://kns.cnki.net/kcms/detail/detail.aspx?dbname=CJFD2007&filename=XCLY200710008&dbcode=CJFD},
	abstract = {{\textless}正{\textgreater}钛及钛合金因具有低密度、高比强、耐高温、耐腐蚀、无磁、生物相容等等优异的综合性能,在航空、航天、舰船、兵器、石油、化工、医疗等等领域得到广泛的应用,受到世界各国的高度重视。中国钛工业的发展经历了},
	number = {10},
	journal = {新材料产业},
	author = {{赵永庆}},
	month = sep,
	year = {2007},
	keywords = {/unread, 低成本钛合金, 高强钛合金, 高温钛合金, 名义成分, 耐蚀钛合金, 钛合金材料, 阻燃钛合金, α型钛合金, β型钛合金, 现状},
	pages = {28--32},
}

@article{nagarajchelliahSynergyTribooxidationStrain2008,
	title = {Synergy between tribo-oxidation and strain rate response on governing the dry sliding wear behavior of titanium},
	url = {https://kns.cnki.net/kcms/detail/detail.aspx?dbname=SJES&filename=SJES9373A03231051B77926DA07369ECBBF5&dbcode=SJES},
	number = {7},
	author = {{Nagaraj Chelliah} and {Satish V. Kailas}},
	year = {2008},
	note = {titleTranslation: tribo-oxidation之间的协同效应和应变率响应管理钛的干滑动磨损行为},
	keywords = {/unread, 现状},
}

@article{ShenQingFeiHaiMianTaiGongYeShengChanXianZhuangJiFaZhan2022,
	title = {海绵钛工业生产现状及发展},
	url = {https://kns.cnki.net/kcms/detail/detail.aspx?dbname=CJFD2022&filename=FGGL202220002&dbcode=CJFD},
	doi = {10.19900/j.cnki.ISSN1008-4800.2022.20.002},
	abstract = {海绵钛是钛工业的初级产品，这也使得海绵钛在当下的国际市场中成为热门产品。文章就世界钛市场现状与发展趋势进行了深入分析，并阐述了现阶段世界海绵钛工业的发展现状，针对中国海绵钛工业的发展提出几点对策，包括西部优势发挥、老企业挖潜扩产、技术进步等。},
	number = {20},
	journal = {化工管理},
	author = {{申庆飞} and {闫明} and {司华彬}},
	month = jul,
	year = {2022},
	note = {Publisher: 化工管理},
	keywords = {/unread, 发展现状, 海绵钛, 生产工业, 现状},
	pages = {4--6},
}

@article{ChenYuWenV21STaiHeJinDeZuZhiHeXingNengYanJiu1998,
	title = {β{21S钛合金的组织和性能研究}},
	url = {https://kns.cnki.net/kcms/detail/detail.aspx?dbname=CJFD9899&filename=CLGC801.002&dbcode=CJFD},
	abstract = {β２１Ｓ是一种亚稳定β型钛合金，最初是针对美国国家航空航天飞机用金属基复合材料的可轧制带材的抗氧化基体合金而研制的。然而，该合金具有极好的综合性能，航空、航天工业部门正在考虑广泛应用该合金。本文测定了β２１Ｓ的相变点，进行了超声检验，初步研究了棒材不同热处理状态下的力学性能及显微组织。结果表明，β２１Ｓ合金具有优异的力学性能，其显微组织类似于其它贫β的亚稳定β钛合金的显微组织。},
	number = {01},
	journal = {材料工程},
	author = {{陈玉文}},
	month = jan,
	year = {1998},
	keywords = {钛合金, 力学性能, 热处理, 显微组织, /unread, β21S, 现状},
}

@article{AnZhongSheng2021NianZhongGuoTaiGongYeFaZhanBaoGao2022,
	title = {2021年中国钛工业发展报告},
	volume = {39},
	url = {https://kns.cnki.net/kcms/detail/detail.aspx?dbname=CJFD2022&filename=TGYJ202204009&dbcode=CJFD},
	doi = {10.13567/j.cnki.issn1009-9964.2022.04.012},
	abstract = {依据中国有色金属工业协会钛锆铪分会对中国海绵钛、钛锭、钛加工材等主要钛产品的产能、产量、价格、进出口量等统计数据，对中国钛工业2021年生产和贸易的总体运营状况进行了评价。分析了2021年中国钛工业的产业结构、经营形势及市场供需与消费情况，指出了目前我国钛行业存在的问题主要有钛矿等原料对外依存度过高、高品质海绵钛产量提升相对缓慢等，并给出了相应的对策与建议。},
	number = {04},
	journal = {钛工业进展},
	author = {{安仲生} and {陈岩} and {赵巍}},
	month = aug,
	year = {2022},
	note = {Publisher: 钛工业进展},
	keywords = {/unread, 产量, 产能, 产业结构, 对策, 中国钛工业, 现状},
	pages = {34--43},
}

@article{anzhongsheng2021nianzhongguotaigongyefazhanbaogao2022,
	title = {2021年中国钛工业发展报告},
	volume = {39},
	issn = {1009-9964},
	url = {https://kns.cnki.net/kcms/detail/detail.aspx?dbname=CJFD2022&filename=TGYJ202204009&dbcode=CJFD},
	doi = {10.13567/j.cnki.issn1009-9964.2022.04.012},
	abstract = {依据中国有色金属工业协会钛锆铪分会对中国海绵钛、钛锭、钛加工材等主要钛产品的产能、产量、价格、进出口量等统计数据，对中国钛工业2021年生产和贸易的总体运营状况进行了评价。分析了2021年中国钛工业的产业结构、经营形势及市场供需与消费情况，指出了目前我国钛行业存在的问题主要有钛矿等原料对外依存度过高、高品质海绵钛产量提升相对缓慢等，并给出了相应的对策与建议。},
	language = {中文;},
	number = {4},
	urldate = {2023-03-31},
	journal = {钛工业进展},
	author = {{安仲生} and {陈岩} and {赵巍}},
	year = {2022},
	keywords = {现状},
	pages = {34--43},
	file = {Full Text PDF:C\:\\Users\\agape\\Zotero\\storage\\EXSZNWKG\\安仲生 等 - 2022 - 2021年中国钛工业发展报告.pdf:application/pdf},
}

@misc{staticChartero,
	title = {Chartero},
	url = {https://github.com/volatile-static},
	abstract = {Chartero记录的浏览历史数据。请勿删除本条目！（可以移动、改名）},
	author = {static, volatile},
	collaborator = {{Chartero}},
	keywords = {/unread},
}

@misc{staticCharteroa,
	title = {Chartero},
	url = {https://github.com/volatile-static},
	abstract = {Chartero记录的浏览历史数据。请勿删除本条目！（可以移动、改名）},
	author = {static, volatile},
	collaborator = {{Chartero}},
	keywords = {/unread},
}

@misc{staticCharterob,
	title = {Chartero},
	url = {https://github.com/volatile-static},
	abstract = {Chartero记录的浏览历史数据。请勿删除本条目！（可以移动、改名）},
	author = {static, volatile},
	collaborator = {{Chartero}},
	keywords = {/unread},
}

@misc{staticCharteroc,
	title = {Chartero},
	url = {https://github.com/volatile-static},
	abstract = {Chartero记录的浏览历史数据。请勿删除本条目！（可以移动、改名）},
	author = {static, volatile},
	collaborator = {{Chartero}},
	keywords = {/unread},
}

@article{leijunleDianzishuxuanquronghuachengxingTC4hejinxianweizuzhiyuxingnengdeyanjiujinzhan2022,
	title = {{电子束选区熔化成形TC4合金显微组织与性能的研究进展}},
	volume = {50},
	issn = {1001-3881},
	url = {https://kns.cnki.net/kcms2/article/abstract?v=3uoqIhG8C44YLTlOAiTRKibYlV5Vjs7iJTKGjg9uTdeTsOI_ra5_XcQcpmmE6mlVZrHimDbNNm9l7JF8-GVH-dbJ2DLs-g74&uniplatform=NZKPT},
	abstract = {随着现代制造业的不断发展，增材制造技术获得了越来越多的应用，电子束选区熔化技术(EBSM)是一种粉末床熔融技术，是目前应用最为广泛的增材制造技术之一，可以成形出具有复杂结构和形状的高性能金属零件。成形工艺参数和热处理是影响电子束选区熔化成形TC4合金显微组织与性能的重要因素和主要调控手段，从这两方面对其进行综述，并展望其未来发展方向。},
	language = {中文;},
	number = {5},
	urldate = {2023-03-31},
	journal = {机床与液压},
	author = {{雷军乐} and {尹诗豪} and {刘电霆} and {张建飞}},
	year = {2022},
	note = {{\textless}北大核心{\textgreater}},
	keywords = {电子束融化成型},
	pages = {179--184},
	file = {Full Text PDF:C\:\\Users\\agape\\Zotero\\storage\\8EMZR57Q\\雷军乐 等 - 2022 - 电子束选区熔化成形TC4合金显微组织与性能的研究进展.pdf:application/pdf},
}
