
@article{LiuWanYingBuTongReChuLiGongYiDuiTi6Al4VTaiHeJinWeiGuanJieGouHeLiXueXingNengYingXiangYingWen2017,
	title = {{不同热处理工艺对Ti6Al4V钛合金微观结构和力学性能影响}（英文）},
	issn = {1002-185X},
	number = {634-639},
	journal = {稀有金属材料与工程},
	author = {刘婉颖, 林元华, 陈宇海, 施太和；Ambrish Singh},
	year = {2017},
	keywords = {🔥, ✅, 典型文章},
	file = {刘婉颖 - 2017 - 不同热处理工艺对Ti6Al4V钛合金微观结构和力学性能影响（英文）.pdf:C\:\\Users\\agape\\Zotero\\storage\\5XLS79TD\\刘婉颖 - 2017 - 不同热处理工艺对Ti6Al4V钛合金微观结构和力学性能影响（英文）.pdf:application/pdf},
}

@article{baoxuechunRechuligongyiduiTC4taihejinzuzhihelixuexingnengdeyingxiang2019,
	title = {{热处理工艺对TC4钛合金组织和力学性能的影响}},
	volume = {44},
	url = {https://d.wanfangdata.com.cn/periodical/jsrcl201906029},
	doi = {DOI:; 10.13251/j.issn.0254-6051.2019.06.029},
	abstract = {通过光学显微镜、扫描电镜、维氏硬度计和拉伸试验机等手段研究了不同热处理工艺对TC4钛合金组织和性能的影响.结果表明:热处理工艺对TC4钛合金的晶粒形态、尺寸和各相占比产生很大影响.经920℃ 固溶1 h后空冷加530℃ 时效4 h后空冷获得的双态组织和700℃ 退火2 h后空冷获得的等轴组织的抗拉强度分别高达986 MPa和987 MPa,且两种组织均具有良好的塑性,经1030℃ 固溶1 h后空冷加530℃ 时效4 h后空冷获得的魏氏体组织的抗拉强度低(949 MPa)、塑性差;魏氏体组织的断口SEM照片表现为脆性穿晶断裂为主导,双态组织和等轴组织表现为韧性断裂.魏氏体组织的硬度值最高,等轴组织的硬度值最低,两者的维氏硬度值分别为358 HV0.1和331 HV0.1.},
	language = {zh-CN},
	number = {6},
	urldate = {2023-04-02},
	journal = {金属热处理},
	author = {鲍学淳 and 程礼 and 陈煊 and 鲁凯举},
	year = {2019},
	note = {abstractTranslation:},
	keywords = {🔥, ✅},
	pages = {137--140},
	file = {4734545.pdf:C\:\\Users\\agape\\Zotero\\storage\\QS953LWN\\4734545.pdf:application/pdf},
}

@article{ranxingGurongwenduduiTi6Al4VELItaihejinxianweizuzhijixingnengdeyingxiang2021,
	title = {{固溶温度对Ti6Al4V} {ELI钛合金显微组织及性能的影响}},
	volume = {42},
	issn = {1004-7638},
	url = {https://kns.cnki.net/kcms2/article/abstract?v=3uoqIhG8C44YLTlOAiTRKibYlV5Vjs7iJTKGjg9uTdeTsOI_ra5_XWH9YxnzPjZKjcBwjqTFtEFDh-crKFERQzF-8kAkfDYg&uniplatform=NZKPT},
	abstract = {采用扫描电镜(SEM)和金相显微镜(OM)研究了固溶热处理对Ti6Al4V ELI钛合金显微组织的演变规律,以及显微组织对力学性能的影响关系,结果表明:随着固溶温度的升高,Ti6Al4V ELI钛合金初生αp相含量降低,片层α相厚度和β晶粒尺寸均增加;钛合金强度和塑性均随着固溶温度的升高而降低,在952℃固溶后时效,抗拉强度可达915 MPa,延伸率16.8\%,断裂韧性仅为84 MPa·m1/2;在997℃进行固溶后时效,钛合金抗拉强度降低至861 MPa,延伸率9.6\%,断裂韧性达115 MPa·m1/2。在952℃进行固溶,Ti6Al4V ELI钛合金为韧性断裂,提高固溶温度后合金呈韧脆混合型断裂。},
	language = {中文;},
	number = {6},
	urldate = {2023-04-02},
	journal = {钢铁钒钛},
	author = {{冉兴} and {王哲} and {李海宾} and {吕志刚} and {李培杰}},
	year = {2021},
	note = {{\textless}北大核心{\textgreater}},
	keywords = {🔥, ✅, 典型文章, ⛔ No DOI found},
	pages = {66--71},
	file = {Full Text PDF:C\:\\Users\\agape\\Zotero\\storage\\D5YTQYMJ\\冉兴 等 - 2021 - 固溶温度对Ti6Al4V ELI钛合金显微组织及性能的影响.pdf:application/pdf},
}

@article{renchiqiangGurongshixiaoduiTC4taihejinxianweizuzhihelixuexingnengdeyingxiang2022,
	title = {固溶-时效对{TC4钛合金显微组织和力学性能的影响}},
	volume = {38},
	issn = {1003-5540},
	url = {https://kns.cnki.net/kcms2/article/abstract?v=3uoqIhG8C44YLTlOAiTRKibYlV5Vjs7iJTKGjg9uTdeTsOI_ra5_XaYuZHEdlcTKgdtTYVHPPeieaop4wvm7e6h2OgTiARho&uniplatform=NZKPT},
	abstract = {采用不同制度固溶-时效的热处理方式对TC4钛合金棒材进行热处理，并通过金相观察、力学性能检测研究了固溶-时效对钛合金棒材的微观组织和力学性能的影响。金相观察发现，固溶后大部分α相转变为亚稳相β相、α′相和α″相，时效处理后将亚稳相转变为细小稳定等轴组织与片层组织。力学性能检测结果表明：固溶水淬延迟时间在10 s,时效温度和时间在550℃/300 min(空冷),强度达到了最大值，因此954℃/60 min(水淬，10 s)+550℃/300 min(空冷)为最佳固溶-时效热处理制度。},
	language = {中文;},
	number = {2},
	urldate = {2023-04-03},
	journal = {湖南有色金属},
	author = {{任驰强} and {丁一明} and {李佳佳} and {张云云} and {张健涛}},
	year = {2022},
	keywords = {✅, 典型文章, ⛔ No DOI found},
	pages = {44--46+55},
	file = {Full Text PDF:C\:\\Users\\agape\\Zotero\\storage\\PKHJ2VFP\\任 等 - 2022 - 固溶-时效对TC4钛合金显微组织和力学性能的影响.pdf:application/pdf},
}

@article{xujianGurongshixiaogongyiduiTC4taihejinzuzhijixingnengdeyingxiang2014,
	title = {{固溶时效工艺对TC4钛合金组织及性能的影响}},
	volume = {24},
	issn = {1006-6543},
	url = {https://kns.cnki.net/kcms2/article/abstract?v=3uoqIhG8C44YLTlOAiTRKgchrJ08w1e7M8Tu7YZds8-egAsywy2mwYaDt1Dfrk4DqRS1RfMZ2qBCSXTFSCJG-PkBexR3QZ8-&uniplatform=NZKPT},
	doi = {10.13228/j.boyuan.issn1006-6543.20130122},
	abstract = {采用冷等静压、真空烧结的方法制备TC4钛合金,研究了不同固溶温度和时效温度对TC4钛合金组织及性能的影响。结果表明:冷等静压、真空烧结的方法制备的TC4粉末钛合金的抗拉强度可达852MPa,伸长率为16\%;随着固溶温度的提高,钛合金的抗拉强度提高,伸长率降低,而随着时效温度的提高,抗拉强度降低,伸长率提高。在960℃×30min固溶、470℃×4h时效时,合金的抗拉强度达到1078MPa,伸长率达到11\%。},
	language = {中文;},
	number = {5},
	urldate = {2023-04-03},
	journal = {粉末冶金工业},
	author = {{徐坚} and {王文焱} and {张豪胤} and {谢敬佩} and {李洛利}},
	year = {2014},
	keywords = {✅, 典型文章},
	pages = {29--32},
	file = {Full Text PDF:C\:\\Users\\agape\\Zotero\\storage\\7AQESSIY\\徐 等 - 2014 - 固溶时效工艺对TC4钛合金组织及性能的影响.pdf:application/pdf},
}

@article{zhanghaoyinGurongShixiaoduiTC4taihejinzuzhihelixuexingnengdeyingxiang2014,
	title = {固溶、时效对{TC4钛合金组织和力学性能的影响}},
	volume = {34},
	issn = {1001-2249},
	url = {https://kns.cnki.net/kcms2/article/abstract?v=3uoqIhG8C44YLTlOAiTRKgchrJ08w1e7M8Tu7YZds88vc2FzGSEchtaI9gYZXCNhpfW_dY4ykXKT4zEhdjzclCaw5Jif3qYd&uniplatform=NZKPT},
	doi = {10.15980/j.tzzz.2014.06.030},
	abstract = {对冷等静压+真空烧结方法制备的Ti-6Al-4V合金进行了研究。观察、分析了不同固溶时效温度下粉末冶金TC4钛合金的金相组织,并通过拉伸试验,测试固溶和时效处理对TC4钛合金抗拉强度和伸长率的影响。希望通过固溶时效处理来提高TC4的抗拉强度同时兼顾伸长率。试验结果表明,当固溶时效处理工艺为930℃×30min水冷及470℃×4h水冷时,合金材料具有良好的抗拉强度和伸长率。},
	language = {中文;},
	number = {6},
	urldate = {2023-04-03},
	journal = {特种铸造及有色合金},
	author = {{张豪胤} and {王文焱} and {祝要民} and {徐坚} and {谢敬佩} and {李洛利}},
	year = {2014},
	keywords = {✅},
	pages = {659--661},
	file = {Full Text PDF:C\:\\Users\\agape\\Zotero\\storage\\7EV4V8VW\\张 等 - 2014 - 固溶、时效对TC4钛合金组织和力学性能的影响.pdf:application/pdf},
}

@article{luyuanyuanShixiaochuliduiTC4taihejinweiguanzuzhihelixuexingnengdeyingxiang2019,
	title = {{时效处理对TC4钛合金微观组织和力学性能的影响}},
	volume = {44},
	issn = {0254-6051},
	url = {https://kns.cnki.net/kcms2/article/abstract?v=3uoqIhG8C44YLTlOAiTRKibYlV5Vjs7iLik5jEcCI09uHa3oBxtWoITiHWOwHe19jhf6yOAhZJuOEdinsfmxznDiFwhAjG1U&uniplatform=NZKPT},
	doi = {10.13251/j.issn.0254-6051.2019.07.007},
	abstract = {采用固溶后的TC4钛合金分别在450、500、550、600和650℃条件下进行时效处理,并通过金相观察、力学性能检测和断口形貌观察研究了时效处理对TC4钛合金的微观组织和力学性能的影响。结果表明,随着时效温度的升高,TC4钛合金的强度先升后降,在550℃达到最大值。金相观察发现,550℃时所得组织较为细小且析出相数量多,因此有较好的弥散强化效果。断口的宏观形态呈暗灰色,且观察不到放射区;同时在断口的微观形貌中可观察到清晰的韧窝,可以判断出其断裂机制为韧性断裂,这说明材料具有较好的塑性。综合可知,TC4钛合金经550℃时效处理可得良好的综合力学性能。},
	language = {中文;},
	number = {7},
	urldate = {2023-04-03},
	journal = {金属热处理},
	author = {{鲁媛媛} and {马保飞} and {刘源仁}},
	year = {2019},
	keywords = {🔥},
	pages = {34--38},
	file = {Full Text PDF:C\:\\Users\\agape\\Zotero\\storage\\7SIRKLEE\\鲁 等 - 2019 - 时效处理对TC4钛合金微观组织和力学性能的影响.pdf:application/pdf},
}

@article{lilouGurongshixiaoduiTC4hejinzuzhiyujixiexingnengdeyingxiang2014,
	title = {{固溶时效对TC4合金组织与机械性能的影响}},
	volume = {20},
	issn = {1674-0971},
	url = {https://kns.cnki.net/kcms2/article/abstract?v=3uoqIhG8C44YLTlOAiTRKgchrJ08w1e7M8Tu7YZds8_7muIeuG7_bmTPYFRv72RG8x5kLnRqQla1Q5oIbSfTgQDf5XdYPhJe&uniplatform=NZKPT},
	doi = {10.16683/j.cnki.issn1674-0971.2014.01.003},
	abstract = {研究了固溶时效对TC4合金的显微组织、室温力学性能、硬度、冲击韧性的影响。结果表明,经过α+β区固溶处理+530～760℃时效处理后的TC4合金显微组织分别为球状或条状初生α和转变β基体,随时效温度的提高,室温强度和硬度降低,塑性和冲击韧性无明显变化;β区固溶处理+530℃时效处理后的TC4合金显微组织分别为魏氏组织和马氏体。},
	language = {中文;},
	number = {1},
	urldate = {2023-04-03},
	journal = {特钢技术},
	author = {{李露}},
	year = {2014},
	keywords = {✅},
	pages = {29--31},
	file = {Full Text PDF:C\:\\Users\\agape\\Zotero\\storage\\5XRHADBM\\李露 - 2014 - 固溶时效对TC4合金组织与机械性能的影响.pdf:application/pdf},
}

@article{jingranGurongshixiaoduiTC4hejinzuzhiyuxingnengdeyingxiang2018,
	title = {{固溶时效对TC4合金组织与性能的影响}},
	volume = {43},
	issn = {0254-6051},
	url = {https://kns.cnki.net/kcms2/article/abstract?v=3uoqIhG8C44YLTlOAiTRKibYlV5Vjs7i0-kJR0HYBJ80QN9L51zrP7-Ju-X1cxh29fUv-ZfWO19JnpEikQVsq6V8euHLYhP8&uniplatform=NZKPT},
	doi = {10.13251/j.issn.0254-6051.2018.08.031},
	abstract = {研究了不同固溶温度以及不同时效温度下TC4合金的相结构以及微观组织形貌。结果表明,在930℃即双相区固溶后,TC4合金主要是由层片状的α相、针状α'马氏体相和部分β相组成;而在1030℃即β单相区固溶以后,合金则主要由密集的针状α'马氏体相和β组成;对不同固溶温度下的合金样品进行不同温度时效处理,针状α'马氏体相完全分解形成α相和β相,同时,随着时效温度的升高,α层片的厚度也逐渐增大。},
	language = {中文;},
	number = {8},
	urldate = {2023-04-03},
	journal = {金属热处理},
	author = {{景然}},
	year = {2018},
	keywords = {✅},
	pages = {152--156},
	file = {Full Text PDF:C\:\\Users\\agape\\Zotero\\storage\\CELJMHHD\\景然 - 2018 - 固溶时效对TC4合金组织与性能的影响.pdf:application/pdf},
}
